%YAML 1.1
%TAG !u! tag:unity3d.com,2011:
--- !u!1 &112590
GameObject:
  m_ObjectHideFlags: 0
  m_PrefabParentObject: {fileID: 0}
  m_PrefabInternal: {fileID: 100100000}
  serializedVersion: 4
  m_Component:
  - 4: {fileID: 428130}
  - 114: {fileID: 11440600}
  - 114: {fileID: 11454326}
  m_Layer: 0
  m_Name: TouchController1
  m_TagString: Untagged
  m_Icon: {fileID: 0}
  m_NavMeshLayer: 0
  m_StaticEditorFlags: 0
  m_IsActive: 1
--- !u!1 &119890
GameObject:
  m_ObjectHideFlags: 1
  m_PrefabParentObject: {fileID: 0}
  m_PrefabInternal: {fileID: 100100000}
  serializedVersion: 4
  m_Component:
  - 4: {fileID: 461150}
  - 131: {fileID: 13152960}
  - 114: {fileID: 11493378}
  m_Layer: 0
  m_Name: TouchJoystickRight
  m_TagString: RightStick
  m_Icon: {fileID: 0}
  m_NavMeshLayer: 0
  m_StaticEditorFlags: 0
  m_IsActive: 1
--- !u!1 &147738
GameObject:
  m_ObjectHideFlags: 1
  m_PrefabParentObject: {fileID: 0}
  m_PrefabInternal: {fileID: 100100000}
  serializedVersion: 4
  m_Component:
  - 4: {fileID: 443966}
  - 131: {fileID: 13159308}
  - 114: {fileID: 11414306}
  m_Layer: 0
  m_Name: TouchJoystickLeft
  m_TagString: Untagged
  m_Icon: {fileID: 0}
  m_NavMeshLayer: 0
  m_StaticEditorFlags: 0
  m_IsActive: 1
--- !u!1 &194180
GameObject:
  m_ObjectHideFlags: 0
  m_PrefabParentObject: {fileID: 0}
  m_PrefabInternal: {fileID: 100100000}
  serializedVersion: 4
  m_Component:
  - 4: {fileID: 422428}
  m_Layer: 0
  m_Name: TouchControls
  m_TagString: Untagged
  m_Icon: {fileID: 0}
  m_NavMeshLayer: 0
  m_StaticEditorFlags: 0
  m_IsActive: 1
--- !u!4 &422428
Transform:
  m_ObjectHideFlags: 1
  m_PrefabParentObject: {fileID: 0}
  m_PrefabInternal: {fileID: 100100000}
  m_GameObject: {fileID: 194180}
  m_LocalRotation: {x: 0, y: 0, z: 0, w: 1}
  m_LocalPosition: {x: 0.15, y: 0.15, z: 0}
  m_LocalScale: {x: 1, y: 1, z: 1}
  m_Children:
  - {fileID: 428130}
  m_Father: {fileID: 0}
  m_RootOrder: 0
--- !u!4 &428130
Transform:
  m_ObjectHideFlags: 1
  m_PrefabParentObject: {fileID: 0}
  m_PrefabInternal: {fileID: 100100000}
  m_GameObject: {fileID: 112590}
  m_LocalRotation: {x: 0, y: 0, z: 0, w: 1}
  m_LocalPosition: {x: 0, y: 0, z: 0}
  m_LocalScale: {x: 1, y: 1, z: 1}
  m_Children:
  - {fileID: 443966}
  - {fileID: 461150}
  m_Father: {fileID: 422428}
  m_RootOrder: 0
--- !u!4 &443966
Transform:
  m_ObjectHideFlags: 1
  m_PrefabParentObject: {fileID: 0}
  m_PrefabInternal: {fileID: 100100000}
  m_GameObject: {fileID: 147738}
  m_LocalRotation: {x: 0, y: 0, z: 0, w: 1}
  m_LocalPosition: {x: 0, y: 0, z: 0}
  m_LocalScale: {x: 0, y: 0, z: 0}
  m_Children: []
  m_Father: {fileID: 428130}
  m_RootOrder: 0
--- !u!4 &461150
Transform:
  m_ObjectHideFlags: 1
  m_PrefabParentObject: {fileID: 0}
  m_PrefabInternal: {fileID: 100100000}
  m_GameObject: {fileID: 119890}
  m_LocalRotation: {x: 0, y: 0, z: 0, w: 1}
  m_LocalPosition: {x: 0.6, y: 0, z: 0}
  m_LocalScale: {x: 0, y: 0, z: 0}
  m_Children: []
  m_Father: {fileID: 428130}
  m_RootOrder: 1
--- !u!114 &11414306
MonoBehaviour:
  m_ObjectHideFlags: 1
  m_PrefabParentObject: {fileID: 0}
  m_PrefabInternal: {fileID: 100100000}
  m_GameObject: {fileID: 147738}
  m_Enabled: 1
  m_EditorHideFlags: 0
  m_Script: {fileID: 11500000, guid: 8358d62c6a42dcb49896f8e5678186f7, type: 3}
  m_Name: 
  m_EditorClassIdentifier: 
  allowMouseControl: 1
  touchPad: 0
  fadeGUI: 0
  deadZone: {x: 0.01, y: 0.01}
  normalize: 0
  tapCount: -1
--- !u!114 &11440600
MonoBehaviour:
  m_ObjectHideFlags: 1
  m_PrefabParentObject: {fileID: 0}
  m_PrefabInternal: {fileID: 100100000}
  m_GameObject: {fileID: 112590}
  m_Enabled: 0
  m_EditorHideFlags: 0
  m_Script: {fileID: 11500000, guid: 2b3e00941bd5f514585e9a3463bdb3d0, type: 3}
  m_Name: 
  m_EditorClassIdentifier: 
  playerId: 0
  controllerTag: main
  useUpdateCallbacks: 0
--- !u!114 &11454326
MonoBehaviour:
  m_ObjectHideFlags: 1
  m_PrefabParentObject: {fileID: 0}
  m_PrefabInternal: {fileID: 100100000}
  m_GameObject: {fileID: 112590}
  m_Enabled: 1
  m_EditorHideFlags: 0
  m_Script: {fileID: 11500000, guid: 808e4d5ae32aea546bd7593de00e41b2, type: 3}
  m_Name: 
  m_EditorClassIdentifier: 
  joysticks:
  - {fileID: 11414306}
  - {fileID: 11493378}
  buttons: []
--- !u!114 &11493378
MonoBehaviour:
  m_ObjectHideFlags: 1
  m_PrefabParentObject: {fileID: 0}
  m_PrefabInternal: {fileID: 100100000}
  m_GameObject: {fileID: 119890}
  m_Enabled: 1
  m_EditorHideFlags: 0
  m_Script: {fileID: 11500000, guid: 8358d62c6a42dcb49896f8e5678186f7, type: 3}
  m_Name: 
  m_EditorClassIdentifier: 
  allowMouseControl: 1
  touchPad: 0
  fadeGUI: 0
  deadZone: {x: 0.01, y: 0.01}
  normalize: 0
  tapCount: -1
--- !u!131 &13152960
GUITexture:
  m_ObjectHideFlags: 1
  m_PrefabParentObject: {fileID: 0}
  m_PrefabInternal: {fileID: 100100000}
  m_GameObject: {fileID: 119890}
  m_Enabled: 1
  m_Texture: {fileID: 2800000, guid: 9866a92691696b346901281f2b329034, type: 3}
  m_Color: {r: 0.5147059, g: 0.5147059, b: 0.5147059, a: 0.5019608}
  m_PixelInset:
    serializedVersion: 2
    x: 0
    y: 0
    width: 256
    height: 256
  m_LeftBorder: 0
  m_RightBorder: 0
  m_TopBorder: 0
  m_BottomBorder: 0
--- !u!131 &13159308
GUITexture:
  m_ObjectHideFlags: 1
  m_PrefabParentObject: {fileID: 0}
  m_PrefabInternal: {fileID: 100100000}
  m_GameObject: {fileID: 147738}
  m_Enabled: 1
  m_Texture: {fileID: 2800000, guid: 9866a92691696b346901281f2b329034, type: 3}
  m_Color: {r: 0.5147059, g: 0.5147059, b: 0.5147059, a: 0.5019608}
  m_PixelInset:
    serializedVersion: 2
    x: 0
    y: 0
    width: 256
    height: 256
  m_LeftBorder: 0
  m_RightBorder: 0
  m_TopBorder: 0
  m_BottomBorder: 0
--- !u!1001 &100100000
Prefab:
  m_ObjectHideFlags: 1
  serializedVersion: 2
  m_Modification:
    m_TransformParent: {fileID: 0}
    m_Modifications: []
    m_RemovedComponents: []
  m_ParentPrefab: {fileID: 0}
  m_RootGameObject: {fileID: 194180}
  m_IsPrefabParent: 1
